<?xml version="1.0" encoding="utf-8"?>
<record xmlns="http://www.loc.gov/MARC21/slim" xmlns:xsi="http://www.w3.org/2001/XMLSchema-instance" xsi:schemaLocation="http://www.loc.gov/MARC21/slim http://www.loc.gov/standards/marcxml/schema/MARC21slim.xsd">
	<leader>     nam a22     Mi 4500</leader>
	<controlfield tag="001">b12539053</controlfield>
	<controlfield tag="003">LeBAU</controlfield>
	<controlfield tag="006">m        d        </controlfield>
	<controlfield tag="007">cr cn |||m|||a</controlfield>
	<controlfield tag="008">210518s1947    iq ac   ob    ||1 0cara d</controlfield>
	<datafield ind1=" " ind2=" " tag="040">
		<subfield code="a">ZYU</subfield>
		<subfield code="b">ara</subfield>
		<subfield code="e">rda</subfield>
		<subfield code="c">ZYU</subfield>
	</datafield>
	<datafield ind1="0" ind2="4" tag="082">
		<subfield code="a">892.709</subfield>
		<subfield code="2">23</subfield>
	</datafield>
	<datafield ind1="1" ind2=" " tag="100">
		<subfield code="6">880-01</subfield>
		<subfield code="a">Miskūnī, Yūsuf Yaʻqūb.</subfield>
		<subfield code="e">author.</subfield>
		<subfield code="0">http://id.loc.gov/authorities/names/nr92001702 ,</subfield>
	</datafield>
	<datafield ind1="1" ind2="0" tag="245">
		<subfield code="6">880-02</subfield>
		<subfield code="a">Min ʻabqarīyāt nisāʼ al-qarn al-tāsiʻ ʻashar :</subfield>
		<subfield code="b">dirāsāt adabīyah min waḥy al-māḍī lil-shāʻirāt al-adībāt: al-Sayyidah ʻĀʼisha al-Naymūrīyah, wa-al-Sayyidah Wardah al-Yāzijī, wa-al-Sayyidah Zaynab Fawwāz al-ʻĀmilīyah, maʻa muqaddimah ʻan makānat al-marʼah fī ḥayātinā al-ijtimāʻīyah /</subfield>
		<subfield code="c">Yūsuf Yaʻqūb Miskūnī ; qaddama la-hu al-marḥūm al-ṭayyib al-dhikr al-Ab Anistās Mārī al-Karmilī, min aḥfiyāʼ Majmaʻ Fuʼād al-Awwal lil-Lughah al-ʻArabīyah wa-ʻuḍw al-Majmaʻ al-ʻIlmī al-ʻArabī bi-Dimashq wa-ʻuḍw Lajnat al-Tarjamah wa-al-Taʼlīf wa-al-Nashr bi-Baghdād.</subfield>
	</datafield>
	<datafield ind1=" " ind2=" " tag="250">
		<subfield code="6">880-03</subfield>
		<subfield code="a">al-Ṭabʻah al-thāniyah, munaqqaḥah wa-mazīdah.</subfield>
	</datafield>
	<datafield ind1=" " ind2="1" tag="264">
		<subfield code="6">880-04</subfield>
		<subfield code="a">Baghdād :</subfield>
		<subfield code="b">Maṭbaʻat al-Maʻārif,</subfield>
		<subfield code="c">1366 H. = 1947 M.</subfield>
	</datafield>
	<datafield ind1=" " ind2=" " tag="300">
		<subfield code="6">880-05</subfield>
		<subfield code="a">online resource (1 volume (a-gh, 255 pages)) :</subfield>
		<subfield code="b">illustrations, portrait</subfield>
	</datafield>
	<datafield ind1=" " ind2=" " tag="336">
		<subfield code="a">text</subfield>
		<subfield code="2">rdacontent</subfield>
	</datafield>
	<datafield ind1=" " ind2=" " tag="337">
		<subfield code="a">computer</subfield>
		<subfield code="2">rdamedia</subfield>
	</datafield>
	<datafield ind1=" " ind2=" " tag="338">
		<subfield code="a">online resource</subfield>
		<subfield code="2">rdacarrier</subfield>
	</datafield>
	<datafield ind1=" " ind2=" " tag="500">
		<subfield code="a">Part of the Arabic Collections Online (ACO) project, contributed by American University of Beirut's Jafet Memorial Library.</subfield>
	</datafield>
	<datafield ind1=" " ind2=" " tag="533">
		<subfield code="a">Electronic reproduction.</subfield>
		<subfield code="b">New York, N.Y. :</subfield>
		<subfield code="c">New York University,</subfield>
		<subfield code="d">2021.</subfield>
		<subfield code="5">NNU</subfield>
	</datafield>
	<datafield ind1="1" ind2="0" tag="600">
		<subfield code="6">880-06</subfield>
		<subfield code="a">Taymūrīyah, ʻĀʼishah,</subfield>
		<subfield code="d">1840 or 1841-1902 or 1903</subfield>
		<subfield code="x">Criticism and interpretation.</subfield>
	</datafield>
	<datafield ind1="1" ind2="0" tag="600">
		<subfield code="6">880-07</subfield>
		<subfield code="a">Yāzijī, Wardah,</subfield>
		<subfield code="d">1837 or 1838-1923 or 1924</subfield>
		<subfield code="x">Criticism and interpretation.</subfield>
	</datafield>
	<datafield ind1="1" ind2="0" tag="600">
		<subfield code="6">880-08</subfield>
		<subfield code="a">Fawwāz, Zaynab,</subfield>
		<subfield code="d">1859 or 1860-1914</subfield>
		<subfield code="x">Criticism and interpretation.</subfield>
	</datafield>
	<datafield ind1=" " ind2="0" tag="650">
		<subfield code="6">880-09</subfield>
		<subfield code="a">Arabic poetry</subfield>
		<subfield code="y">19th century</subfield>
		<subfield code="x">History and criticism.</subfield>
	</datafield>
	<datafield ind1="1" ind2=" " tag="700">
		<subfield code="6">880-10</subfield>
		<subfield code="a">Anistās Mārī, al-Karmilī,</subfield>
		<subfield code="c">ab,</subfield>
		<subfield code="d">1866-1947.</subfield>
		<subfield code="e">author of introduction, etc.</subfield>
		<subfield code="0">http://id.loc.gov/authorities/names/nr90015315 ,</subfield>
	</datafield>
	<datafield ind1="2" ind2=" " tag="710">
		<subfield code="a">Jafet Memorial Library.</subfield>
	</datafield>
	<datafield ind1="0" ind2=" " tag="730">
		<subfield code="a">Arabic Collections Online.</subfield>
	</datafield>
	<datafield ind1="0" ind2="8" tag="776">
		<subfield code="i">Print version:</subfield>
		<subfield code="a">Miskūnī, Yūsuf Yaʻqūb. author. http://id.loc.gov/authorities/names/nr92001702 ,</subfield>
		<subfield code="t">Min ʻabqarīyāt nisāʼ al-qarn al-tāsiʻ ʻashar</subfield>
		<subfield code="w">(LeBAU)b12539053</subfield>
	</datafield>
	<datafield ind1="4" ind2="0" tag="856">
		<subfield code="u">http://hdl.handle.net/2333.1/7m0cg819</subfield>
	</datafield>
	<datafield ind1="1" ind2=" " tag="880">
		<subfield code="6">100-01</subfield>
		<subfield code="a">مسكوني، يوسف يعقوب،</subfield>
		<subfield code="0">http://id.loc.gov/authorities/names/nr92001702 ,</subfield>
		<subfield code="e">مؤلف.</subfield>
		<subfield code="4">aut.</subfield>
	</datafield>
	<datafield ind1="1" ind2="0" tag="880">
		<subfield code="6">245-02</subfield>
		<subfield code="a">من عبقريات نساء القرن التاسع عشر :</subfield>
		<subfield code="b">دراسات ادبية من وحي الماضي للشاعرات الاديبات: السيدة عائشة النيمورية، والسيدة وردة اليازجي، والسيدة زينب فواز العاملية، مع مقدمة عن مكانة المرأة في حياتنا الاجتماعية /</subfield>
		<subfield code="c">يوسف يعقوب مسكوني ؛ قدم له المرحوم الطيب الذكر الاب انستاس ماري الكرملي، من احفياء مجمع فؤاد الاول لللغة العربية وعضو المجمع العلمي العربي بدمشق وعضو لجنة الترجمة والتأليف والنشر ببغداد.</subfield>
	</datafield>
	<datafield ind1=" " ind2=" " tag="880">
		<subfield code="6">250-03</subfield>
		<subfield code="a">الطبعة الثانية منقحة ومزيدة.</subfield>
	</datafield>
	<datafield ind1=" " ind2="1" tag="880">
		<subfield code="6">264-04</subfield>
		<subfield code="a">بغداد :</subfield>
		<subfield code="b">مطبعة المعارف،</subfield>
		<subfield code="c">1366 هـ. = 1947 م.</subfield>
	</datafield>
	<datafield ind1=" " ind2=" " tag="880">
		<subfield code="6">300-05</subfield>
		<subfield code="a">1 جزء (أ-غ، 255 صفحة) :</subfield>
		<subfield code="b">مصورات، صورة شخصانية ؛</subfield>
		<subfield code="c">22 سم</subfield>
	</datafield>
	<datafield ind1=" " ind2=" " tag="880">
		<subfield code="6">500-00</subfield>
		<subfield code="a">من المرجح انه لم يتم اصدار جزء آخر من الكتاب.</subfield>
	</datafield>
	<datafield ind1=" " ind2=" " tag="880">
		<subfield code="6">504-00</subfield>
		<subfield code="a">يتضمن مراجع ببليوغرافية وكشافات.</subfield>
	</datafield>
	<datafield ind1="1" ind2="4" tag="880">
		<subfield code="6">600-06</subfield>
		<subfield code="a">التيمورية، عائشة،</subfield>
		<subfield code="d">1840 او 1841-1902 او 1903</subfield>
		<subfield code="x">تفسير وتاؤيل.</subfield>
	</datafield>
	<datafield ind1="1" ind2="4" tag="880">
		<subfield code="6">600-07</subfield>
		<subfield code="a">اليازجي، وردة،</subfield>
		<subfield code="d">1837 او 1838-1923 او 1924</subfield>
		<subfield code="x">نقد وتاؤيل.</subfield>
	</datafield>
	<datafield ind1="1" ind2="4" tag="880">
		<subfield code="6">600-08</subfield>
		<subfield code="a">فواز، زينب،</subfield>
		<subfield code="d">1859 او 1860-1914</subfield>
		<subfield code="x">نقد وتاؤيل.</subfield>
	</datafield>
	<datafield ind1=" " ind2="4" tag="880">
		<subfield code="6">650-09</subfield>
		<subfield code="a">الشعر العربي</subfield>
		<subfield code="y">القرن التاسع عشر</subfield>
		<subfield code="x">تاريخ ونقد.</subfield>
	</datafield>
	<datafield ind1="1" ind2=" " tag="880">
		<subfield code="6">700-10</subfield>
		<subfield code="a">انستاس ماري،</subfield>
		<subfield code="c">الكرملي، الاب،</subfield>
		<subfield code="d">1866-1947،</subfield>
		<subfield code="0">http://id.loc.gov/authorities/names/nr90015315 ,</subfield>
		<subfield code="e">مؤلف مقدمة.</subfield>
		<subfield code="4">aui.</subfield>
	</datafield>
	<datafield ind1=" " ind2=" " tag="959">
		<subfield code="a">NNU</subfield>
		<subfield code="b">WEB</subfield>
		<subfield code="c">GENI</subfield>
		<subfield code="t">0</subfield>
		<subfield code="m">Electronic access</subfield>
		<subfield code="s">01</subfield>
	</datafield>
	<datafield ind1=" " ind2=" " tag="999">
		<subfield code="i">LeBAU_b12539053</subfield>
		<subfield code="s">aub_aco004592:v.1</subfield>
		<subfield code="e">(ERROR-MISC)</subfield>
		<subfield code="s">aub_aco004592:v.1</subfield>
	</datafield>
</record>
